%%
% 参考文献
% 参考文献是毕业设计(论文)不可缺少的组成部分,它反映毕业设计(论文)的取材来源、材料的广博程度和材料的可靠程度,也是作者对他人知识成果的承认和尊重。一份完整的参考文献可向读者提供一份有价值的信息资料,列入的文献应在 10 篇以上,其中外文文献在 2 篇以上。
%%

@program{sysu-thesis,
  title  = {中山大学毕业论文Latex模板},
  author = {Songguang Chen and Junjie Huang  and Yongfeng, Wang},
  url    = {https://github.com/SYSU-SCC/sysu-thesis},
  year   = {2020}
}

@article{liu2021review,
  title={A review of deep-learning-based medical image segmentation methods},
  author={Liu, Xiangbin and Song, Liping and Liu, Shuai and Zhang, Yudong},
  journal={Sustainability},
  volume={13},
  number={3},
  pages={1224},
  year={2021},
  publisher={Multidisciplinary Digital Publishing Institute}
}


@article{zhuang2013challenges,
  title={Challenges and methodologies of fully automatic whole heart segmentation: a review},
  author={Zhuang, Xiahai},
  journal={Journal of healthcare engineering},
  volume={4},
  number={3},
  pages={371--407},
  year={2013},
  publisher={Hindawi}
}


@article{ben2007analysis,
  title={Analysis of representations for domain adaptation},
  author={Ben-David, Shai and Blitzer, John and Crammer, Koby and Pereira, Fernando and others},
  journal={Advances in neural information processing systems},
  volume={19},
  pages={137},
  year={2007},
  publisher={MIT; 1998}
}

@inproceedings{long2017deep,
  title={Deep transfer learning with joint adaptation networks},
  author={Long, Mingsheng and Zhu, Han and Wang, Jianmin and Jordan, Michael I},
  booktitle={International conference on machine learning},
  pages={2208--2217},
  year={2017},
  organization={PMLR}
}

@inproceedings{sun2016deep,
  title={Deep coral: Correlation alignment for deep domain adaptation},
  author={Sun, Baochen and Saenko, Kate},
  booktitle={European conference on computer vision},
  pages={443--450},
  year={2016},
  organization={Springer}
}

@article{wu2020cf,
  title={CF distance: A new domain discrepancy metric and application to explicit domain adaptation for cross-modality cardiac image segmentation},
  author={Wu, Fuping and Zhuang, Xiahai},
  journal={IEEE Transactions on Medical Imaging},
  volume={39},
  number={12},
  pages={4274--4285},
  year={2020},
  publisher={IEEE}
}

@article{wu2021unsupervised,
  title={Unsupervised domain adaptation with variational approximation for cardiac segmentation},
  author={Wu, Fuping and Zhuang, Xiahai},
  journal={IEEE Transactions on Medical Imaging},
  volume={40},
  number={12},
  pages={3555--3567},
  year={2021},
  publisher={IEEE}
}

@article{dou2018pnp,
  title={Pnp-adanet: Plug-and-play adversarial domain adaptation network with a benchmark at cross-modality cardiac segmentation},
  author={Dou, Qi and Ouyang, Cheng and Chen, Cheng and Chen, Hao and Glocker, Ben and Zhuang, Xiahai and Heng, Pheng-Ann},
  journal={arXiv preprint arXiv:1812.07907},
  year={2018}
}

@inproceedings{tsai2018learning,
  title={Learning to adapt structured output space for semantic segmentation},
  author={Tsai, Yi-Hsuan and Hung, Wei-Chih and Schulter, Samuel and Sohn, Kihyuk and Yang, Ming-Hsuan and Chandraker, Manmohan},
  booktitle={Proceedings of the IEEE conference on computer vision and pattern recognition},
  pages={7472--7481},
  year={2018}
}

@inproceedings{wang2019boundary,
  title={Boundary and entropy-driven adversarial learning for fundus image segmentation},
  author={Wang, Shujun and Yu, Lequan and Li, Kang and Yang, Xin and Fu, Chi-Wing and Heng, Pheng-Ann},
  booktitle={International Conference on Medical Image Computing and Computer-Assisted Intervention},
  pages={102--110},
  year={2019},
  organization={Springer}
}

@article{vesal2021adapt,
  title={Adapt Everywhere: Unsupervised Adaptation of Point-Clouds and Entropy Minimization for Multi-Modal Cardiac Image Segmentation},
  author={Vesal, Sulaiman and Gu, Mingxuan and Kosti, Ronak and Maier, Andreas and Ravikumar, Nishant},
  journal={IEEE Transactions on Medical Imaging},
  volume={40},
  number={7},
  pages={1838--1851},
  year={2021},
  publisher={IEEE}
}

@inproceedings{zhu2017unpaired,
  title={Unpaired image-to-image translation using cycle-consistent adversarial networks},
  author={Zhu, Jun-Yan and Park, Taesung and Isola, Phillip and Efros, Alexei A},
  booktitle={Proceedings of the IEEE international conference on computer vision},
  pages={2223--2232},
  year={2017}
}

@inproceedings{zhang2018translating,
  title={Translating and segmenting multimodal medical volumes with cycle-and shape-consistency generative adversarial network},
  author={Zhang, Zizhao and Yang, Lin and Zheng, Yefeng},
  booktitle={Proceedings of the IEEE conference on computer vision and pattern Recognition},
  pages={9242--9251},
  year={2018}
}

@inproceedings{liu2019unpaired,
  title={Unpaired data based cross-domain synthesis and segmentation using attention neural network},
  author={Liu, Xiaoming and Wei, Xiangkai and Yu, Aihui and Pan, Zhifang},
  booktitle={Asian Conference on Machine Learning},
  pages={987--1000},
  year={2019},
  organization={PMLR}
}

@inproceedings{yang2019unsupervised,
  title={Unsupervised domain adaptation via disentangled representations: Application to cross-modality liver segmentation},
  author={Yang, Junlin and Dvornek, Nicha C and Zhang, Fan and Chapiro, Julius and Lin, MingDe and Duncan, James S},
  booktitle={International Conference on Medical Image Computing and Computer-Assisted Intervention},
  pages={255--263},
  year={2019},
  organization={Springer}
}

@inproceedings{chen2019synergistic,
  title={Synergistic image and feature adaptation: Towards cross-modality domain adaptation for medical image segmentation},
  author={Chen, Cheng and Dou, Qi and Chen, Hao and Qin, Jing and Heng, Pheng-Ann},
  booktitle={Proceedings of the AAAI conference on artificial intelligence},
  volume={33},
  number={01},
  pages={865--872},
  year={2019}
}

@inproceedings{hoffman2018cycada,
  title={Cycada: Cycle-consistent adversarial domain adaptation},
  author={Hoffman, Judy and Tzeng, Eric and Park, Taesung and Zhu, Jun-Yan and Isola, Phillip and Saenko, Kate and Efros, Alexei and Darrell, Trevor},
  booktitle={International conference on machine learning},
  pages={1989--1998},
  year={2018},
  organization={PMLR}
}

@article{chen2020unsupervised,
  title={Unsupervised bidirectional cross-modality adaptation via deeply synergistic image and feature alignment for medical image segmentation},
  author={Chen, Cheng and Dou, Qi and Chen, Hao and Qin, Jing and Heng, Pheng Ann},
  journal={IEEE transactions on medical imaging},
  volume={39},
  number={7},
  pages={2494--2505},
  year={2020},
  publisher={IEEE}
}

@article{han2021deep,
  title={Deep symmetric adaptation network for cross-modality medical image segmentation},
  author={Han, Xiaoting and Qi, Lei and Yu, Qian and Zhou, Ziqi and Zheng, Yefeng and Shi, Yinghuan and Gao, Yang},
  journal={IEEE Transactions on Medical Imaging},
  volume={41},
  number={1},
  pages={121--132},
  year={2021},
  publisher={IEEE}
}

@article{tomar2021self,
  title={Self-attentive spatial adaptive normalization for cross-modality domain adaptation},
  author={Tomar, Devavrat and Lortkipanidze, Manana and Vray, Guillaume and Bozorgtabar, Behzad and Thiran, Jean-Philippe},
  journal={IEEE Transactions on Medical Imaging},
  volume={40},
  number={10},
  pages={2926--2938},
  year={2021},
  publisher={IEEE}
}

@incollection{ye2021unsupervised,
  title={Unsupervised Domain Adaption via Similarity-Based Prototypes for Cross-Modality Segmentation},
  author={Ye, Ziyu and Ju, Chen and Ma, Chaofan and Zhang, Xiaoyun},
  booktitle={Domain Adaptation and Representation Transfer, and Affordable Healthcare and AI for Resource Diverse Global Health},
  pages={133--143},
  year={2021},
  publisher={Springer}
}

@inproceedings{DRIT,
  author = {Lee, Hsin-Ying and Tseng, Hung-Yu and Huang, Jia-Bin and Singh, Maneesh Kumar and Yang, Ming-Hsuan},
  booktitle = {European Conference on Computer Vision},
  title = {Diverse Image-to-Image Translation via Disentangled Representations},
  year = {2018}
}

@article{DRIT_plus,
  author = {Lee, Hsin-Ying and Tseng, Hung-Yu and Mao, Qi and Huang, Jia-Bin and Lu, Yu-Ding and Singh, Maneesh Kumar and Yang, Ming-Hsuan},
  title = {DRIT++: Diverse Image-to-Image Translation viaDisentangled Representations},
  journal={International Journal of Computer Vision},
  pages={1--16},
  year={2020}
}

@article{chen2016infogan,
  title={Infogan: Interpretable representation learning by information maximizing generative adversarial nets},
  author={Chen, Xi and Duan, Yan and Houthooft, Rein and Schulman, John and Sutskever, Ilya and Abbeel, Pieter},
  journal={Advances in neural information processing systems},
  volume={29},
  year={2016}
}

@article{chartsias2019disentangled,
  title={Disentangled representation learning in cardiac image analysis},
  author={Chartsias, Agisilaos and Joyce, Thomas and Papanastasiou, Giorgos and Semple, Scott and Williams, Michelle and Newby, David E and Dharmakumar, Rohan and Tsaftaris, Sotirios A},
  journal={Medical image analysis},
  volume={58},
  pages={101535},
  year={2019},
  publisher={Elsevier}
}

@inproceedings{chen2019robust,
  title={Robust multimodal brain tumor segmentation via feature disentanglement and gated fusion},
  author={Chen, Cheng and Dou, Qi and Jin, Yueming and Chen, Hao and Qin, Jing and Heng, Pheng-Ann},
  booktitle={International Conference on Medical Image Computing and Computer-Assisted Intervention},
  pages={447--456},
  year={2019},
  organization={Springer}
}

@article{pei2021disentangle,
  title={Disentangle domain features for cross-modality cardiac image segmentation},
  author={Pei, Chenhao and Wu, Fuping and Huang, Liqin and Zhuang, Xiahai},
  journal={Medical Image Analysis},
  volume={71},
  pages={102078},
  year={2021},
  publisher={Elsevier}
}

@inproceedings{ronneberger2015u,
  title={U-net: Convolutional networks for biomedical image segmentation},
  author={Ronneberger, Olaf and Fischer, Philipp and Brox, Thomas},
  booktitle={International Conference on Medical image computing and computer-assisted intervention},
  pages={234--241},
  year={2015},
  organization={Springer}
}

@article{chen2014semantic,
  title={Semantic image segmentation with deep convolutional nets and fully connected crfs},
  author={Chen, Liang-Chieh and Papandreou, George and Kokkinos, Iasonas and Murphy, Kevin and Yuille, Alan L},
  journal={arXiv preprint arXiv:1412.7062},
  year={2014}
}

@article{badrinarayanan2017segnet,
  title={Segnet: A deep convolutional encoder-decoder architecture for image segmentation},
  author={Badrinarayanan, Vijay and Kendall, Alex and Cipolla, Roberto},
  journal={IEEE transactions on pattern analysis and machine intelligence},
  volume={39},
  number={12},
  pages={2481--2495},
  year={2017},
  publisher={IEEE}
}

@article{kingma2013auto,
  title={Auto-encoding variational bayes},
  author={Kingma, Diederik P and Welling, Max},
  journal={arXiv preprint arXiv:1312.6114},
  year={2013}
}

@inproceedings{park2019semantic,
  title={Semantic image synthesis with spatially-adaptive normalization},
  author={Park, Taesung and Liu, Ming-Yu and Wang, Ting-Chun and Zhu, Jun-Yan},
  booktitle={Proceedings of the IEEE/CVF conference on computer vision and pattern recognition},
  pages={2337--2346},
  year={2019}
}

@inproceedings{isola2017image,
  title={Image-to-image translation with conditional adversarial networks},
  author={Isola, Phillip and Zhu, Jun-Yan and Zhou, Tinghui and Efros, Alexei A},
  booktitle={Proceedings of the IEEE conference on computer vision and pattern recognition},
  pages={1125--1134},
  year={2017}
}


@article{zhuang2016multi,
  title={Multi-scale patch and multi-modality atlases for whole heart segmentation of MRI},
  author={Zhuang, Xiahai and Shen, Juan},
  journal={Medical image analysis},
  volume={31},
  pages={77--87},
  year={2016},
  publisher={Elsevier}
}


@article{ganin2016domain,
  title={Domain-adversarial training of neural networks},
  author={Ganin, Yaroslav and Ustinova, Evgeniya and Ajakan, Hana and Germain, Pascal and Larochelle, Hugo and Laviolette, Fran{\c{c}}ois and Marchand, Mario and Lempitsky, Victor},
  journal={The journal of machine learning research},
  volume={17},
  number={1},
  pages={2096--2030},
  year={2016},
  publisher={JMLR. org}
}

@inproceedings{tzeng2017adversarial,
  title={Adversarial discriminative domain adaptation},
  author={Tzeng, Eric and Hoffman, Judy and Saenko, Kate and Darrell, Trevor},
  booktitle={Proceedings of the IEEE conference on computer vision and pattern recognition},
  pages={7167--7176},
  year={2017}
}

@article{huo2018synseg,
  title={Synseg-net: Synthetic segmentation without target modality ground truth},
  author={Huo, Yuankai and Xu, Zhoubing and Moon, Hyeonsoo and Bao, Shunxing and Assad, Albert and Moyo, Tamara K and Savona, Michael R and Abramson, Richard G and Landman, Bennett A},
  journal={IEEE transactions on medical imaging},
  volume={38},
  number={4},
  pages={1016--1025},
  year={2018},
  publisher={IEEE}
}
